@misc{CssSelector,
  title        = {OpenCV: "MDN : CSS セレクター - CSS: カスケーディングスタイルシート"},
  howpublished = {\url{https://developer.mozilla.org/ja/docs/Web/CSS/CSS_Selectors}},
  note         = {アクセス日: 2023/01/28}
}

@misc{ChainApproxSimple,
  title        = {OpenCV: "Contours : Getting Started"},
  howpublished = {\url{https://docs.opencv.org/3.4/d4/d73/tutorial_py_contours_begin.html}},
  note         = {アクセス日: 2023/01/28}
}

@misc{RetrExternal,
  title        = {OpenCV: "Contours Hierarchy"},
  howpublished = {\url{https://docs.opencv.org/4.x/d9/d8b/tutorial_py_contours_hierarchy.html}},
  note         = {アクセス日: 2023/01/28}
}

@misc{VisualRegressionTesting,
  title        = {Visual regression testing: "awesome-regression-testing"},
  howpublished = {\url{https://github.com/mojoaxel/awesome-regression-testing}},
  note         = {アクセス日: 2023/01/28}
}

@misc{LayoutFailureDetection,
  author       = {Walsh, T.A. and Kapfhammer, G.M. and McMinn, P.S.},
  title        = {Automated Layout Failure Detection for Responsive Web Pages without an Explicit Oracle},
  howpublished = {\url{https://eprints.whiterose.ac.uk/116989/10/c50-3.pdf}},
  note         = {アクセス日: 2023/01/25}
}

@misc{OpenCV,
  title        = {OpenCV},
  howpublished = {\url{https://github.com/opencv/opencv/blob/master/LICENSE}},
  note         = {アクセス日: 2023/01/25}
}

@misc{ColorCode,
  title        = {Image Processing: "Color Space Conversions"},
  howpublished = {\url{https://docs.opencv.org/3.4/d8/d01/group__imgproc__color__conversions.html}},
  note         = {アクセス日: 2023/01/25}
}

@misc{Threshold,
  title        = {OpenCV: "Miscellaneous Image Transformations"},
  howpublished = {\url{https://docs.opencv.org/3.4/d7/d1b/group__imgproc__misc.html}},
  note         = {アクセス日: 2023/02/01}
}

@misc{AdaptiveThreshold,
  title        = {OpenCV: "Image Thresholding"},
  howpublished = {\url{https://docs.opencv.org/4.x/d7/d4d/tutorial_py_thresholding.html}},
  note         = {アクセス日: 2023/02/01}
}

@misc{Python,
  title        = {Python: "Python 3.9.17"},
  howpublished = {\url{https://www.python.org/downloads/release/python-3917/}},
  note         = {アクセス日: 2023/02/01}
}

@misc{Pillow,
  title        = {Pillow: "Pillow 10.2.0"},
  howpublished = {\url{https://pypi.org/project/pillow/}},
  note         = {アクセス日: 2023/02/01}
}

@misc{ImageModule,
  title        = {Image Module: "Image Module"},
  howpublished = {\url{https://pillow.readthedocs.io/en/stable/reference/Image.html}},
  note         = {アクセス日: 2023/02/01}
}

@misc{LANCZOS,
  title        = {oneIPL Specification documentation: "Resize with Lanczos Interpolation"},
  howpublished = {\url{https://spec.oneapi.io/oneipl/latest/transform/resize_lanczos.html}},
  note         = {アクセス日: 2023/02/01}
}

@misc{NumPy,
  title        = {NumPy: "The fundamental package for scientific computing with Python"},
  howpublished = {\url{https://numpy.org/}},
  note         = {アクセス日: 2023/02/01}
}

@misc{np.zeros,
  title        = {NumPy v1.26 Manual: "numpy.zeros"},
  howpublished = {\url{https://numpy.org/doc/stable/reference/generated/numpy.zeros.html}},
  note         = {アクセス日: 2023/02/01}
}

@misc{BeautifulSoup,
  title        = {Beautiful Soup 4.12.0 documentatio: "Beautiful Soup Documentation"},
  howpublished = {\url{https://beautiful-soup-4.readthedocs.io/en/latest/}},
  note         = {アクセス日: 2023/01/25}
}

@misc{difflib,
  title        = {Python 3.12.1 ドキュメント: "difflib --- 差分の計算を助ける"},
  howpublished = {\url{https://docs.python.org/ja/3/library/difflib.html}},
  note         = {アクセス日: 2023/01/25}
}

@misc{SeleniumWebDriver,
  title        = {Selenium WebDriver: "WebDriver"},
  howpublished = {\url{https://www.selenium.dev/ja/documentation/webdriver/}},
  note         = {アクセス日: 2023/01/25}
}

@misc{Selenium,
  title        = {Selenium: "Selenium"},
  howpublished = {\url{https://www.selenium.dev/}},
  note         = {アクセス日: 2023/01/25}
}

@misc{Flask,
  title        = {Python Tutorial: "What is Flask Python"},
  howpublished = {\url{https://pythonbasics.org/what-is-flask-python/#What-is-a-Web-Framework}},
  note         = {アクセス日: 2023/01/25}
}

@misc{Werkzeug,
  title        = {Werkzeug Documentation (3.0.x): "Werkzeug"},
  howpublished = {\url{https://werkzeug.palletsprojects.com/en/3.0.x/}},
  note         = {アクセス日: 2023/01/25}
}

@misc{Jinja,
  title        = {Jinja Documentation (3.1.x): "Jinja"},
  howpublished = {\url{https://jinja.palletsprojects.com/en/3.1.x/}},
  note         = {アクセス日: 2023/01/25}
}

@misc{TemplateEngine,
  title        = {Jinja Documentation (3.1.x): "Template Designer Documentation"},
  howpublished = {\url{https://jinja.palletsprojects.com/en/3.1.x/templates/}},
  note         = {アクセス日: 2023/01/25}
}

@misc{WSGI,
  title        = {WSGI.org: "What is WSGI?"},
  howpublished = {\url{https://wsgi.readthedocs.io/en/latest/what.html}},
  note         = {アクセス日: 2023/01/25}
}

@misc{DockerContainer,
  title        = {Docker: "What is a Container?"},
  howpublished = {\url{https://www.docker.com/resources/what-container//}},
  note         = {アクセス日: 2023/01/25}
}

@misc{DockerCompose,
  title        = {Docker Docs: "Docker Compose overview"},
  howpublished = {\url{https://docs.docker.com/compose/}},
  note         = {アクセス日: 2023/01/25}
}